@String(PAMI = {IEEE Trans. Pattern Anal. Mach. Intell.})
@String(IJCV = {Int. J. Comput. Vis.})
@String(CVPR= {IEEE Conf. Comput. Vis. Pattern Recog.})
@String(ICCV= {Int. Conf. Comput. Vis.})
@String(ECCV= {Eur. Conf. Comput. Vis.})
@String(NIPS= {Adv. Neural Inform. Process. Syst.})
@String(ICPR = {Int. Conf. Pattern Recog.})
@String(BMVC= {Brit. Mach. Vis. Conf.})
@String(TOG= {ACM Trans. Graph.})
@String(TIP  = {IEEE Trans. Image Process.})
@String(TVCG  = {IEEE Trans. Vis. Comput. Graph.})
@String(TMM  = {IEEE Trans. Multimedia})
@String(ACMMM= {ACM Int. Conf. Multimedia})
@String(ICME = {Int. Conf. Multimedia and Expo})
@String(ICASSP=	{ICASSP})
@String(ICIP = {IEEE Int. Conf. Image Process.})
@String(ACCV  = {ACCV})
@String(ICLR = {Int. Conf. Learn. Represent.})
@String(IJCAI = {IJCAI})
@String(PR   = {Pattern Recognition})
@String(AAAI = {AAAI})
@String(CVPRW= {IEEE Conf. Comput. Vis. Pattern Recog. Worksh.})
@String(CSVT = {IEEE Trans. Circuit Syst. Video Technol.})

@String(SPL	= {IEEE Sign. Process. Letters})
@String(VR   = {Vis. Res.})
@String(JOV	 = {J. Vis.})
@String(TVC  = {The Vis. Comput.})
@String(JCST  = {J. Comput. Sci. Tech.})
@String(CGF  = {Comput. Graph. Forum})
@String(CVM = {Computational Visual Media})


@String(PAMI  = {IEEE TPAMI})
@String(IJCV  = {IJCV})
@String(CVPR  = {CVPR})
@String(ICCV  = {ICCV})
@String(ECCV  = {ECCV})
@String(NIPS  = {NeurIPS})
@String(ICPR  = {ICPR})
@String(BMVC  =	{BMVC})
@String(TOG   = {ACM TOG})
@String(TIP   = {IEEE TIP})
@String(TVCG  = {IEEE TVCG})
@String(TCSVT = {IEEE TCSVT})
@String(TMM   =	{IEEE TMM})
@String(ACMMM = {ACM MM})
@String(ICME  =	{ICME})
@String(ICASSP=	{ICASSP})
@String(ICIP  = {ICIP})
@String(ACCV  = {ACCV})
@String(ICLR  = {ICLR})
@String(IJCAI = {IJCAI})
@String(PR = {PR})
@String(AAAI = {AAAI})
@String(CVPRW= {CVPRW})
@String(CSVT = {IEEE TCSVT})



@article{dellaert2020neural,
  title={Neural volume rendering: Nerf and beyond},
  author={Dellaert, Frank and Yen-Chen, Lin},
  journal={arXiv preprint arXiv:2101.05204},
  year={2020}
}

@inproceedings{mescheder2019occupancy,
  title={Occupancy networks: Learning 3d reconstruction in function space},
  author={Mescheder, Lars and Oechsle, Michael and Niemeyer, Michael and Nowozin, Sebastian and Geiger, Andreas},
  booktitle={Proceedings of the IEEE/CVF conference on computer vision and pattern recognition},
  pages={4460--4470},
  year={2019}
}

@inproceedings{park2019deepsdf,
  title={Deepsdf: Learning continuous signed distance functions for shape representation},
  author={Park, Jeong Joon and Florence, Peter and Straub, Julian and Newcombe, Richard and Lovegrove, Steven},
  booktitle={Proceedings of the IEEE/CVF conference on computer vision and pattern recognition},
  pages={165--174},
  year={2019}
}

@inproceedings{takikawa2021neural,
  title={Neural geometric level of detail: Real-time rendering with implicit 3D shapes},
  author={Takikawa, Towaki and Litalien, Joey and Yin, Kangxue and Kreis, Karsten and Loop, Charles and Nowrouzezahrai, Derek and Jacobson, Alec and McGuire, Morgan and Fidler, Sanja},
  booktitle={Proceedings of the IEEE/CVF Conference on Computer Vision and Pattern Recognition},
  pages={11358--11367},
  year={2021}
}

@article{mildenhall2021nerf,
  title={Nerf: Representing scenes as neural radiance fields for view synthesis},
  author={Mildenhall, Ben and Srinivasan, Pratul P and Tancik, Matthew and Barron, Jonathan T and Ramamoorthi, Ravi and Ng, Ren},
  journal={Communications of the ACM},
  volume={65},
  number={1},
  pages={99--106},
  year={2021},
  publisher={ACM New York, NY, USA}
}

@article{sitzmann2021light,
  title={Light field networks: Neural scene representations with single-evaluation rendering},
  author={Sitzmann, Vincent and Rezchikov, Semon and Freeman, Bill and Tenenbaum, Josh and Durand, Fredo},
  journal={Advances in Neural Information Processing Systems},
  volume={34},
  pages={19313--19325},
  year={2021}
}

@inproceedings{attal2022learning,
  title={Learning Neural Light Fields With Ray-Space Embedding},
  author={Attal, Benjamin and Huang, Jia-Bin and Zollh{\"o}fer, Michael and Kopf, Johannes and Kim, Changil},
  booktitle={Proceedings of the IEEE/CVF Conference on Computer Vision and Pattern Recognition},
  pages={19819--19829},
  year={2022}
}

@article{wang2022r2l,
  title={R2L: Distilling Neural Radiance Field to Neural Light Field for Efficient Novel View Synthesis},
  author={Wang, Huan and Ren, Jian and Huang, Zeng and Olszewski, Kyle and Chai, Menglei and Fu, Yun and Tulyakov, Sergey},
  journal={arXiv preprint arXiv:2203.17261},
  year={2022}
}

@inproceedings{chen2022aug,
  title={Aug-NeRF: Training Stronger Neural Radiance Fields With Triple-Level Physically-Grounded Augmentations},
  author={Chen, Tianlong and Wang, Peihao and Fan, Zhiwen and Wang, Zhangyang},
  booktitle={Proceedings of the IEEE/CVF Conference on Computer Vision and Pattern Recognition},
  pages={15191--15202},
  year={2022}
}